<?xml version="1.0" encoding="UTF-8"?><collection xmlns="http://www.loc.gov/MARC21/slim"><record><leader>00500nam--2200193-u-4500</leader><controlfield tag="001">000050778</controlfield><controlfield tag="002">20161230</controlfield><controlfield tag="005">20170113140108</controlfield><controlfield tag="008">080403s1000------------r-----000-0-eng-d</controlfield><datafield ind1=" " ind2=" " tag="040"><subfield code="a">IFIN-HH</subfield></datafield><datafield ind1=" " ind2=" " tag="080"><subfield code="a">530.1</subfield></datafield><datafield ind1="1" ind2=" " tag="100"><subfield code="a">Malhotra, Naresh K</subfield><subfield code="c">ed</subfield></datafield><datafield ind1="1" ind2="0" tag="245"><subfield code="a">Review of Marketing Research</subfield><subfield code="c">Naresh K. Malhotra (ed.)</subfield></datafield><datafield ind1=" " ind2=" " tag="260"><subfield code="a">Armonk</subfield><subfield code="b">M.E.Sharpe</subfield><subfield code="c">2005</subfield></datafield><datafield ind1=" " ind2=" " tag="300"><subfield code="a">316 p</subfield></datafield><datafield ind1=" " ind2=" " tag="504"><subfield code="a">Includes Index</subfield></datafield><datafield ind1=" " ind2="4" tag="650"><subfield code="a">Review of Marketing Reserch</subfield></datafield><datafield ind1=" " ind2=" " tag="852"><subfield code="c">33</subfield></datafield><datafield ind1=" " ind2=" " tag="CAT"><subfield code="a">SYS</subfield><subfield code="c">20170113</subfield><subfield code="h">140108</subfield></datafield></record></collection>